<record><leader>00000cas a22000007a 4500</leader><controlfield tag="001">27000713</controlfield><controlfield tag="008">921119d19uu197uriuwr ne      0    0eng d</controlfield><datafield ind1=" " ind2=" " tag="010"><subfield code="a">sn 92064226 </subfield></datafield><datafield ind1=" " ind2=" " tag="040"><subfield code="a">RHN</subfield><subfield code="b">eng</subfield><subfield code="c">RHN</subfield><subfield code="d">OCLCQ</subfield><subfield code="d">OCLCO</subfield></datafield><datafield ind1=" " ind2=" " tag="042"><subfield code="a">msc</subfield></datafield><datafield ind1="0" ind2=" " tag="130"><subfield code="a">Yardarm (East Greenwich, R.I.)</subfield></datafield><datafield ind1="1" ind2="0" tag="245"><subfield code="a">Yardarm.</subfield></datafield><datafield ind1="1" ind2="3" tag="246"><subfield code="a">Davisville yardarm</subfield></datafield><datafield ind1=" " ind2=" " tag="260"><subfield code="a">East Greenwich, R.I. :</subfield><subfield code="b">Weaver Pub. Co.</subfield></datafield><datafield ind1=" " ind2=" " tag="300"><subfield code="a">v.</subfield></datafield><datafield ind1=" " ind2=" " tag="310"><subfield code="a">Weekly</subfield></datafield><datafield ind1=" " ind2=" " tag="500"><subfield code="a">Distributed to personnel at the Naval Construction Battalion Center, Davisville, and Quonset Point Naval Air Station.</subfield></datafield><datafield ind1=" " ind2=" " tag="580"><subfield code="a">Simultaneously published as the Quonset scout, Apr. 5-July 19, 1973.</subfield></datafield><datafield ind1=" " ind2=" " tag="588"><subfield code="a">Description based on: Vol. 14, no. 13 (July 26, 1973).</subfield></datafield><datafield ind1=" " ind2="4" tag="651"><subfield code="a">Davisville (R.I.)</subfield><subfield code="v">Newspapers.</subfield></datafield><datafield ind1=" " ind2="4" tag="651"><subfield code="a">Quonset Point (North Kingstown, R.I.)</subfield><subfield code="v">Newspapers.</subfield></datafield><datafield ind1=" " ind2="4" tag="651"><subfield code="a">North Kingstown (R.I. : Town)</subfield><subfield code="v">Newspapers.</subfield></datafield><datafield ind1=" " ind2="0" tag="651"><subfield code="a">Davisville (R.I.)</subfield><subfield code="v">Newspapers.</subfield></datafield><datafield ind1=" " ind2="0" tag="651"><subfield code="a">Quonset Point (North Kingstown, R.I.)</subfield><subfield code="v">Newspapers.</subfield></datafield><datafield ind1=" " ind2="0" tag="651"><subfield code="a">North Kingstown (R.I. : Town)</subfield><subfield code="v">Newspapers.</subfield></datafield><datafield ind1=" " ind2=" " tag="752"><subfield code="a">United States</subfield><subfield code="b">Rhode Island</subfield><subfield code="c">Kent</subfield><subfield code="d">East Greenwich.</subfield></datafield><datafield ind1="0" ind2="5" tag="780"><subfield code="t">Quonset scout</subfield><subfield code="w">(DLC)sn 92064225</subfield></datafield></record>